@article{leech_1963,
  title        = {Coset enumeration on digital computers},
  volume       = {59},
  DOI          = {10.1017/S0305004100036872},
  number       = {2},
  journal      = {Mathematical Proceedings of the Cambridge Philosophical
                  Society},
  publisher    = {Cambridge University Press},
  author       = {Leech, J.},
  year         = {1963},
  pages        = {257–267}
}

@article{gurevich_2000,
  author       = {Gurevich, Y.},
  title        = {Sequential Abstract-state Machines Capture Sequential
                  Algorithms},
  journal      = {ACM Trans. Comput. Logic},
  issue_date   = {July 2000},
  volume       = {1},
  number       = {1},
  month        = jul,
  year         = {2000},
  issn         = {1529-3785},
  pages        = {77--111},
  numpages     = {35},
  url          = {http://doi.acm.org/10.1145/343369.343384},
  doi          = {10.1145/343369.343384},
  acmid        = {343384},
  publisher    = {ACM},
  address      = {New York, NY, USA},
  keywords     = {Turing's thesis, abstract-state machine, executable
                  specification, sequential ASM thesis, sequential algorithm,
                  specification},
}

% TODO: look up and make sure I've got the right page
@book{minsky_1967,
  author       = {Minsky, M.~L.},
  title        = {Computation: Finite and Infinite Machines},
  year         = {1967},
  isbn         = {0-13-165563-9},
  publisher    = {Prentice-Hall, Inc.},
  address      = {Upper Saddle River, NJ, USA},
}

@article{turing,
  author       = {Turing, A. M.},
  title        = {On Computable Numbers, with an Application to the
                  Entscheidungsproblem},
  journal      = {Proceedings of the London Mathematical Society},
  volume       = {s2-42},
  number       = {1},
  publisher    = {Oxford University Press},
  issn         = {1460-244X},
  url          = {http://dx.doi.org/10.1112/plms/s2-42.1.230},
  doi          = {10.1112/plms/s2-42.1.230},
  pages        = {230--265},
  year         = {1937},
}

@article{church,
  ISSN         = {00029327, 10806377},
  URL          = {http://www.jstor.org/stable/2371045},
  author       = {Alonzo Church},
  journal      = {American Journal of Mathematics},
  number       = {2},
  pages        = {345-363},
  publisher    = {Johns Hopkins University Press},
  title        = {An Unsolvable Problem of Elementary Number Theory},
  volume       = {58},
  year         = {1936}
}

@Article{godel,
  author       = "G{\"o}del, Kurt",
  title        = "{\"U}ber formal unentscheidbare S{\"a}tze der Principia
                  Mathematica und verwandter Systeme I",
  journal      = "Monatshefte f{\"u}r Mathematik und Physik",
  year         = "1931",
  month        = "Dec",
  day          = "01",
  volume       = "38",
  number       = "1",
  pages        = "173--198",
  issn         = "1436-5081",
  doi          = "10.1007/BF01700692",
  url          = "https://doi.org/10.1007/BF01700692"
}

@article{havascomparing,
  title        = {Comparing and combining tools for finitely presented groups},
  author       = {Havas, George and Holt, Derek F and Rees, Sarah}
}

@article{todd_coxeter_1936,
  title        = {A practical method for enumerating cosets of a finite abstract
                  group},
  volume       = {5},
  DOI          = {10.1017/S0013091500008221},
  number       = {1},
  journal      = {Proceedings of the Edinburgh Mathematical Society},
  publisher    = {Cambridge University Press},
  author       = {Todd, J. A. and Coxeter, H. S. M.},
  year         = {1936},
  pages        = {26–34}
}

@article{neumann_1967,
  title        = {Some remarks on semigroup presentations},
  author       = {Neumann, B. H.},
  journal      = {Canad. J. Math},
  volume       = {19},
  pages        = {1018--1026},
  year         = {1967}
}

@article{beetham_campbell_1976,
  title        = {A note on the Todd-Coxeter coset enumeration algorithm},
  volume       = {20},
  DOI          = {10.1017/S0013091500015790},
  number       = {1},
  journal      = {Proceedings of the Edinburgh Mathematical Society},
  publisher    = {Cambridge University Press},
  author       = {Beetham, M. J. and Campbell, C. M.},
  year         = {1976},
  pages        = {73–79}
}

@article{makanin_1966,
  title        = {The identity problem for finitely presented semigroups},
  journal      = {English version: Soviet Math. Dokl, 7 (1966), pp. 1478-1480},
  author       = {Makanin, G.},
  year         = {1966},
  pages        = {1478-1480}
}

@article{cijtin_1957,
  title        = {An associative calculus with an insoluble problem of
                  equivalence},
  author       = {Cijtin, GS},
  journal      = {Trudy Mat. Inst. Steklov},
  volume       = {52},
  pages        = {172--189},
  year         = {1957}
}

@article{collins_1986,
  title        = {A simple presentation of a group with unsolvable word problem},
  author       = {Collins, Donald J and others},
  journal      = {Illinois Journal of Mathematics},
  volume       = {30},
  number       = {2},
  pages        = {230--234},
  year         = {1986},
  publisher    = {University of Illinois at Urbana-Champaign, Department of
                  Mathematics}
}

@inproceedings{froidure-pin,
  title        = {Algorithms for computing finite semigroups},
  author       = {Pin, Jean-Eric and Delcroix-Froidure, V{\'e}ronique},
  booktitle    = {Foundations of Computational Mathematics},
  pages        = {112--126},
  year         = {1997},
  organization = {Springer Verlag}
}

@incollection{knuth_bendix,
  title        = {Simple word problems in universal algebras},
  author       = {Knuth, D. E. and Bendix, P. B.},
  booktitle    = {Automation of Reasoning},
  pages        = {342--376},
  year         = {1983},
  publisher    = {Springer}
}

@book{howie,
  title        = {Fundamentals of Semigroup Theory},
  author       = {Howie, J. M.},
  volume       = {12},
  year         = {1995},
  publisher    = {Oxford Science Publications}
}

@book{cgt,
  title        = {Handbook of computational group theory},
  author       = {Holt, D. F. and Eick, B. and O'Brien, E. A.},
  year         = {2005},
  publisher    = {CRC Press}
}

@book{sims,
  title        = {Computation with finitely presented groups},
  author       = {Sims, C. C.},
  volume       = {48},
  year         = {1994},
  publisher    = {Cambridge University Press}
}

@book{warner,
  title        = {Modern algebra},
  author       = {Warner, S.},
  year         = {1990},
  publisher    = {Courier Corporation}
}

@MastersThesis{mtorpey_msc,
  author       = {Torpey, M.},
  title        = {Computing with Semigroup Congruences},
  school       = {University of St Andrews},
  year         = {2014}
}

@Unpublished{mtorpey_pre_msc,
  author       = {Torpey, M.},
  title        = {Computing with Congruences on Finite 0-Simple Semigroups},
  year         = {2014},
  note         = {MT5991 Report, University of St Andrews}
}

@manual{gap,
  key          = "GAP",
  organization = "The GAP~Group",
  title        = "{GAP -- Groups, Algorithms, and Programming, Version 4.8.7}",
  year         = 2017,
  url          = "http://www.gap-system.org",
}

@manual{semigroups,
  Author       = { Mitchell, J. D. and others },
  Month        = { Jul },
  Title        = { Semigroups - GAP package, Version 3.0.4 },
  Doi          = { 10.5281/zenodo.592893 },
  Url          = { http://dx.doi.org/10.5281/zenodo.592893 },
  Year         = { 2017 }
}

@manual{kbmag,
  Author       = { Horn, M. and Pfeiffer, M. },
  Month        = { Feb },
  Title        = { kbmag - GAP package, Version 1.5.4 },
  Url          = { https://gap-packages.github.io/kbmag/ },
  Year         = { 2017 }
}

@manual{libsemigroups,
  Author       = { Mitchell, J. D. and Torpey, M. and others },
  Month        = { May },
  Title        = { libsemigroups - C++ library, Version 0.3.1 },
  Url          = { https://james-d-mitchell.github.io/libsemigroups/ },
  Year         = { 2017 }
}

@manual{ace,
  Author       = { Ramsay, C. },
  Month        = { March },
  Title        = { ACE (Advanced Coset Enumerator) - C program, Version 3.001 },
  Url          = { http://staff.itee.uq.edu.au/havas/ },
  Year         = { 2001 }
}

@inproceedings{union-find,
  title        = {Memory management for union-find algorithms},
  author       = {Fiorio, Christophe and Gustedt, Jens},
  booktitle    = {Annual Symposium on Theoretical Aspects of Computer Science},
  pages        = {67--79},
  year         = {1997},
  organization = {Springer}
}

@article{froidure-pin-jonusas,
  author       = {{Jonu{\v s}as}, J. and {Mitchell}, J.~D. and {Pfeiffer}, M.},
  title        = "{Two variants of the Froiduire-Pin Algorithm for finite
                  semigroups}",
  journal      = {ArXiv e-prints},
  archivePrefix= "arXiv",
  eprint       = {1704.04084},
  primaryClass = "math.GR",
  keywords     = {Mathematics - Group Theory, Computer Science - Mathematical
                  Software, 20M10},
  year         = 2017,
  month        = apr,
  adsurl       = {http://adsabs.harvard.edu/abs/2017arXiv170404084J},
  adsnote      = {Provided by the SAO/NASA Astrophysics Data System}
}

@phdthesis{ruskuc_thesis,
  title        = {Semigroup presentations},
  author       = {Ru{\v{s}}kuc, N.},
  year         = {1995},
  school       = {University of St Andrews}
}

@phdthesis{cutting_thesis,
  title        = {Todd-Coxeter Methods for Inverse Monoids},
  author       = {Cutting, A.},
  year         = {2001},
  school       = {University of St Andrews}
}

@phdthesis{walker_thesis,
  title        = {Semigroup Enumeration -- Computer Implementation and Applications},
  author       = {Walker, T.},
  year         = {1992},
  school       = {University of St Andrews}
}

% TODO: update software versions
